@article{rlgames,
    author = {Silver,
              David and Schrittwieser,
              Julian and Simonyan,
              Karen and Antonoglou,
              Ioannis and Huang,
              Aja and Guez,
              Arthur and Hubert,
              Thomas and Baker,
              Lucas and Lai,
              Matthew and Bolton,
              Adrian and Chen,
              Yutian and Lillicrap,
              Timothy and Hui,
              Fan and Sifre,
              Laurent and Driessche,
              George and Graepel,
              Thore and Hassabis,
              Demis},
    title = {Mastering the game of Go without human knowledge},
    journal = {Nature},
    volume = {550},
    year = {2017},
}

@article{ddpg,
    author    = {Gabriel Barth{-}Maron and
                 Matthew W. Hoffman and
                 David Budden and
                 Will Dabney and
                 Dan Horgan and
                 Dhruva TB and
                 Alistair Muldal and
                 Nicolas Heess and
                 Timothy P. Lillicrap},
    title     = {Distributed Distributional Deterministic Policy Gradients},
    journal   = {CoRR},
    volume    = {abs/1804.08617},
    year      = {2018},
}

@article{td3,
  author    = {Scott Fujimoto and
               Herke van Hoof and
               David Meger},
  title     = {Addressing Function Approximation Error in Actor-Critic Methods},
  journal   = {CoRR},
  volume    = {abs/1802.09477},
  year      = {2018},
}
