@article{rlgames,
    author = {Silver,
              David and Schrittwieser,
              Julian and Simonyan,
              Karen and Antonoglou,
              Ioannis and Huang,
              Aja and Guez,
              Arthur and Hubert,
              Thomas and Baker,
              Lucas and Lai,
              Matthew and Bolton,
              Adrian and Chen,
              Yutian and Lillicrap,
              Timothy and Hui,
              Fan and Sifre,
              Laurent and Driessche,
              George and Graepel,
              Thore and Hassabis,
              Demis},
    title = {Mastering the game of Go without human knowledge},
    journal = {Nature},
    volume = {550},
    year = {2017},
}

@article{ddpg,
    author    = {Gabriel Barth{-}Maron and
                 Matthew W. Hoffman and
                 David Budden and
                 Will Dabney and
                 Dan Horgan and
                 Dhruva TB and
                 Alistair Muldal and
                 Nicolas Heess and
                 Timothy P. Lillicrap},
    title     = {Distributed Distributional Deterministic Policy Gradients},
    journal   = {CoRR},
    volume    = {abs/1804.08617},
    year      = {2018},
}

@article{td3,
  author    = {Scott Fujimoto and
               Herke van Hoof and
               David Meger},
  title     = {Addressing Function Approximation Error in Actor-Critic Methods},
  journal   = {CoRR},
  volume    = {abs/1802.09477},
  year      = {2018},
}

@inproceedings{per,
    author = {Schaul, Tom and Quan, John and Antonoglou, Ioannis and Silver, David},
    year = {2016},
    month = {11},
    pages = {},
    title = {Prioritized Experience Replay}
}

@article{actorcritic,
    author = {Konda, Vijay and Tsitsiklis, John},
    year = {2001},
    month = {04},
    pages = {},
    title = {Actor-Critic Algorithms},
    volume = {42},
    journal = {Society for Industrial and Applied Mathematics}
}

@misc{forked_gym_duckietown,
  author = {Sutter, Olivier and Verm, Mathieu and Romagne, Michael and Miralles, Pablo and Martin, Alexandre and Coyette, Vincent},
  title = {Sim2Real},
  year = {2020},
  publisher = {GitHub},
  journal = {GitHub repository},
  howpublished = {\url{https://github.com/vcoyette/gym-duckietown}},
}

@misc{gym_duckietown,
  author = {Chevalier-Boisvert, Maxime and Golemo, Florian and Cao, Yanjun and Mehta, Bhairav and Paull, Liam},
  title = {Duckietown Environments for OpenAI Gym},
  year = {2018},
  publisher = {GitHub},
  journal = {GitHub repository},
  howpublished = {\url{https://github.com/duckietown/gym-duckietown}},
}
